@article{meyer1992applying,
  title={Applying design by contract},
  author={Meyer, Bertrand},
  journal={Computer},
  volume={25},
  number={10},
  pages={40--51},
  year={1992},
  publisher={IEEE}
}

@misc{iso29119,
  title={{ISO/IEC/IEEE 29119-1:2013 Software and Systems Engineering -- Software Testing -- Concepts and Definitions}},
  author={{ISO/IEC/IEEE}},
  year={2013}
}

@book{russell2019human,
  title={Human Compatible: Artificial Intelligence and the Problem of Control},
  author={Russell, Stuart},
  year={2019},
  publisher={Viking},
  address={New York}
}

@misc{euaiact2024,
  author={{European Parliament and Council}},
  title={Regulation (EU) 2024/1689 on Artificial Intelligence (AI Act)},
  year={2024},
  howpublished={Official Journal of the European Union},
  note={Available at: \url{https://artificialintelligenceact.eu/}}
}

@article{hendrycks2021mmlu,
  title={Measuring Massive Multitask Language Understanding},
  author={Hendrycks, Dan and Burns, Collin and Basart, Steven and others},
  journal={arXiv preprint arXiv:2009.03300},
  year={2021}
}

@inproceedings{leike2018rewardmodeling,
  title={Scalable Agent Alignment via Reward Modeling},
  author={Leike, Jan and Krueger, David and Everett, Robert and others},
  booktitle={NeurIPS Workshops},
  year={2018}
}

@inproceedings{bender2021stochasticparrots,
  title={On the Dangers of Stochastic Parrots: Can Language Models Be Too Big?},
  author={Bender, Emily M and Gebru, Timnit and McMillan-Major, Angelina and Shmitchell, Shmargaret},
  booktitle={FAccT},
  year={2021}
}

@inproceedings{liang2022holistic,
  title={Holistic evaluation of language models},
  author={Liang, Percy and Bommasani, Rishi and Lee, Tony and Tsipras, Dimitris and Soylu, Dilara and Yasunaga, Michihiro and Zhang, Yian and Narayanan, Deepak and Wu, Yuhuai and Kumar, Ananya and others},
  booktitle={Proceedings of NeurIPS},
  year={2022}
}

@article{zheng2023judging,
  title={Judging LLM-as-a-judge with MT-bench and Chatbot Arena},
  author={Zheng, Lianmin and Chiang, Wei-Lin and Sheng, Ying and Zhuang, Siyuan and Wu, Zhanghao and Zhuang, Yonghao and Lin, Zi and Li, Zhuohan and Li, Dacheng and Xing, Eric and others},
  journal={Advances in NeurIPS},
  volume={36},
  year={2023}
}

@misc{langchain2023,
  author = {Chase, Harrison},
  title = {LangChain},
  year = {2023},
  howpublished = {\url{https://github.com/langchain-ai/langchain}}
}

@misc{trulens2023,
  author = {{TruEra}},
  title = {TruLens},
  year = {2023},
  howpublished = {\url{https://github.com/truera/trulens}}
}

@misc{ragas2023,
  author = {Shahul ES and Jithin James},
  title = {RAGAS},
  year = {2023},
  howpublished = {\url{https://github.com/explodinggradients/ragas}}
}

@misc{guidance2023,
  author = {{Microsoft Research}},
  title = {Guidance},
  year = {2023},
  howpublished = {\url{https://github.com/microsoft/guidance}}
}

@misc{openai2023structured,
  author = {{OpenAI}},
  title = {Structured Outputs in the API},
  year = {2023},
  howpublished = {\url{https://platform.openai.com/docs/guides/structured-outputs}}
}

@misc{ollama2023,
  author = {{Ollama}},
  title = {Ollama},
  year = {2023},
  howpublished = {\url{https://github.com/ollama/ollama}}
}

@inproceedings{openapi2017,
  title={The OpenAPI Specification},
  author={{OpenAPI Initiative}},
  year={2017},
  organization={Linux Foundation}
}

@article{ribeiro2020beyond,
  title={Beyond accuracy: Behavioral testing of NLP models with CheckList},
  author={Ribeiro, Marco Tulio and Wu, Tongshuang and Guestrin, Carlos and Singh, Sameer},
  journal={Proceedings of ACL},
  pages={4902--4912},
  year={2020}
}

@article{wang2023robustness,
  title{Robustness testing of language models: A survey},
  author={Wang, Xuezhi and Wei, Jason and Schuurmans, Dale and Le, Quoc and Chi, Ed and Zhou, Denny},
  journal={arXiv preprint arXiv:2303.12346},
  year={2023}
}

@article{ouyang2022training,
  title={Training language models to follow instructions with human feedback},
  author={Ouyang, Long and Wu, Jeffrey and Jiang, Xu and Almeida, Diogo and Wainwright, Carroll and Mishkin, Pamela and Zhang, Chong and Agarwal, Sandhini and Slama, Katarina and Ray, Alex and others},
  journal={Advances in NeurIPS},
  volume={35},
  pages={27730--27744},
  year={2022}
}

@article{wei2022chain,
  title={Chain-of-thought prompting elicits reasoning in large language models},
  author={Wei, Jason and Wang, Xuezhi and Schuurmans, Dale and Bosma, Maarten and Ichter, Brian and Xia, Fei and Chi, Ed and Le, Quoc and Zhou, Denny},
  journal={Advances in NeurIPS},
  volume={35},
  pages={24824--24837},
  year={2022}
}

@article{brown2020language,
  title={Language models are few-shot learners},
  author={Brown, Tom and Mann, Benjamin and Ryder, Nick and Subbiah, Melanie and Kaplan, Jared D and Dhariwal, Prafulla and Neelakantan, Arvind and Shyam, Pranav and Sastry, Girish and Askell, Amanda and others},
  journal={Advances in NeurIPS},
  volume={33},
  pages={1877--1901},
  year={2020}
}

@article{liu2023gpteval,
  title={G-Eval: NLG evaluation using GPT-4 with better human alignment},
  author={Liu, Yang and Iter, Dan and Xu, Yichong and Wang, Shuohang and Xu, Ruochen and Zhu, Chenguang},
  journal={Proceedings of EMNLP},
  year={2023}
}

@article{zhang2023safetybench,
  title={SafetyBench: Evaluating the safety of large language models},
  author={Zhang, Zhexin and Lei, Leqi and Wu, Lindong and Sun, Rui and Huang, Yongkang and Long, Chong and Liu, Xiao and Lei, Xuanyu and Tang, Jie and Huang, Minlie},
  journal={arXiv preprint arXiv:2309.07045},
  year={2023}
}

@article{zhao2023survey,
  title={A survey of large language models},
  author={Zhao, Wayne Xin and Zhou, Kun and Li, Junyi and Tang, Tianyi and Wang, Xiaolei and Hou, Yupeng and Min, Yingqian and Zhang, Beichen and Zhang, Junjie and Dong, Zican and others},
  journal={arXiv preprint arXiv:2303.18223},
  year={2023}
}

@article{achiam2023gpt,
  title={GPT-4 technical report},
  author={Achiam, Josh and Adler, Steven and Agarwal, Sandhini and Ahmad, Lama and Akkaya, Ilge and Aleman, Florencia Leoni and Almeida, Diogo and Altenschmidt, Janko and Altman, Sam and Anadkat, Shyamal and others},
  journal={arXiv preprint arXiv:2303.08774},
  year={2023}
}

@book{efron1993bootstrap,
  title={An Introduction to the Bootstrap},
  author={Efron, Bradley and Tibshirani, Robert J.},
  year={1993},
  publisher={Chapman and Hall/CRC},
  address={New York}
}

@article{hall1992bootstrap,
  title={The Bootstrap and Edgeworth Expansion},
  author={Hall, Peter},
  year={1992},
  publisher={Springer Science \& Business Media}
}

@article{landis1977kappa,
  title={The measurement of observer agreement for categorical data},
  author={Landis, J. Richard and Koch, Gary G.},
  journal={Biometrics},
  volume={33},
  number={1},
  pages={159--174},
  year={1977}
}

@article{fleiss1971kappa,
  title={Measuring nominal scale agreement among many raters},
  author={Fleiss, Joseph L.},
  journal={Psychological Bulletin},
  volume={76},
  number={5},
  pages={378--382},
  year={1971},
  publisher={American Psychological Association}
}

@article{brown2001interval,
  title={Interval Estimation for a Binomial Proportion},
  author={Brown, Lawrence D and Cai, T Tony and DasGupta, Anirban},
  journal={Statistical Science},
  volume={16},
  number={2},
  pages={101--133},
  year={2001},
  publisher={Institute of Mathematical Statistics}
}

@article{mcnemar1947note,
  title={Note on the sampling error of the difference between correlated proportions or percentages},
  author={McNemar, Quinn},
  journal={Psychometrika},
  volume={12},
  number={2},
  pages={153--157},
  year={1947},
  publisher={Springer}
}

@article{kunsch1989jackknife,
  title={The jackknife and the bootstrap for general stationary observations},
  author={K{\"u}nsch, Hans R},
  journal={Annals of Statistics},
  volume={17},
  number={3},
  pages={1217--1241},
  year={1989},
  publisher={Institute of Mathematical Statistics}
}

@article{landis1977measurement,
  title={The measurement of observer agreement for categorical data},
  author={Landis, J. Richard and Koch, Gary G.},
  journal={Biometrics},
  volume={33},
  number={1},
  pages={159--174},
  year={1977},
  publisher={Wiley}
}

@book{cohen1988statistical,
  title={Statistical Power Analysis for the Behavioral Sciences},
  author={Cohen, Jacob},
  edition={2nd},
  year={1988},
  publisher={Lawrence Erlbaum Associates}
}

@book{efron1994bootstrap,
  title={An Introduction to the Bootstrap},
  author={Efron, Bradley and Tibshirani, Robert J},
  year={1994},
  publisher={Chapman and Hall/CRC},
  address={New York}
}

@inproceedings{reimers2019sentencebert,
  title={Sentence-BERT: Sentence Embeddings using Siamese BERT-Networks},
  author={Reimers, Nils and Gurevych, Iryna},
  booktitle={Proceedings of the 2019 Conference on Empirical Methods in Natural Language Processing},
  year={2019},
  pages={3982--3992}
}
